<record><leader>00000cas a22000007a 4500</leader><controlfield tag="001">12185655</controlfield><controlfield tag="008">850621c19589999okudr ne      0   a0eng d</controlfield><datafield ind1=" " ind2=" " tag="010"><subfield code="a">sn 85007310 </subfield></datafield><datafield ind1=" " ind2=" " tag="040"><subfield code="a">NSD</subfield><subfield code="b">eng</subfield><subfield code="c">NSD</subfield><subfield code="d">OBN</subfield><subfield code="d">OCLCQ</subfield><subfield code="d">OCLCF</subfield><subfield code="d">OCLCO</subfield></datafield><datafield ind1=" " ind2=" " tag="012"><subfield code="m">1</subfield></datafield><datafield ind1="1" ind2=" " tag="022"><subfield code="a">0883-7015</subfield><subfield code="l">0883-7015</subfield><subfield code="2">1</subfield></datafield><datafield ind1="1" ind2=" " tag="029"><subfield code="a">AU@</subfield><subfield code="b">000020375727</subfield></datafield><datafield ind1=" " ind2=" " tag="032"><subfield code="a">044780</subfield><subfield code="b">USPS</subfield></datafield><datafield ind1=" " ind2=" " tag="037"><subfield code="b">Bartlesville Examiner-Enterprise, 300 E. Frank Phillips Blvd., Bartlesville, OH 74003</subfield></datafield><datafield ind1=" " ind2=" " tag="042"><subfield code="a">nsdp</subfield></datafield><datafield ind1=" " ind2=" " tag="043"><subfield code="a">n-us-ok</subfield></datafield><datafield ind1="0" ind2=" " tag="130"><subfield code="a">Bartlesville examiner-enterprise (Bartlesville, Okla. : 1958)</subfield></datafield><datafield ind1=" " ind2="0" tag="222"><subfield code="a">Bartlesville examiner-enterprise</subfield></datafield><datafield ind1="1" ind2="0" tag="245"><subfield code="a">Bartlesville examiner-enterprise.</subfield></datafield><datafield ind1="3" ind2=" " tag="246"><subfield code="a">Examiner-enterprise</subfield></datafield><datafield ind1="3" ind2=" " tag="246"><subfield code="a">Bartlesville, Oklahoma examiner-enterprise</subfield></datafield><datafield ind1="3" ind2=" " tag="246"><subfield code="a">Sunday examiner-enterprise</subfield></datafield><datafield ind1=" " ind2=" " tag="260"><subfield code="a">Bartlesville, Okla. :</subfield><subfield code="b">Examiner Co.</subfield></datafield><datafield ind1=" " ind2=" " tag="300"><subfield code="a">v.</subfield></datafield><datafield ind1=" " ind2=" " tag="310"><subfield code="a">Daily</subfield></datafield><datafield ind1="0" ind2=" " tag="362"><subfield code="a">Vol. 60, no. 198 (Oct. 6, 1958)-</subfield></datafield><datafield ind1=" " ind2=" " tag="500"><subfield code="a">On Sundays published as: Sunday examiner-enterprise.</subfield></datafield><datafield ind1=" " ind2="0" tag="651"><subfield code="a">Bartlesville (Okla.)</subfield><subfield code="v">Newspapers.</subfield></datafield><datafield ind1=" " ind2="0" tag="651"><subfield code="a">Washington County (Okla.)</subfield><subfield code="v">Newspapers.</subfield></datafield><datafield ind1=" " ind2="7" tag="655"><subfield code="a">Newspapers.</subfield><subfield code="2">fast</subfield><subfield code="0">(OCoLC)fst01423814</subfield></datafield><datafield ind1=" " ind2="7" tag="651"><subfield code="a">Oklahoma</subfield><subfield code="z">Bartlesville.</subfield><subfield code="2">fast</subfield><subfield code="0">(OCoLC)fst01221558</subfield></datafield><datafield ind1=" " ind2="7" tag="651"><subfield code="a">Oklahoma</subfield><subfield code="z">Washington County.</subfield><subfield code="2">fast</subfield><subfield code="0">(OCoLC)fst01223288</subfield></datafield><datafield ind1=" " ind2=" " tag="752"><subfield code="a">United States</subfield><subfield code="b">Oklahoma</subfield><subfield code="c">Washington</subfield><subfield code="d">Bartlesville.</subfield></datafield><datafield ind1="0" ind2="0" tag="780"><subfield code="t">Bartlesville enterprise (Bartlesville, Okla. : 1957)</subfield><subfield code="w">(DLC)sn 97064915</subfield><subfield code="w">(OCoLC)37009098</subfield></datafield><datafield ind1=" " ind2=" " tag="936"><subfield code="a">Apr. 1, 1985</subfield></datafield></record>